@Misc{xiantong,
	howpublished = {[EB/OL]},
	note = {\url{https://www.bilibili.com/video/BV16B4y1S7Tb?spm_id_from=333.999.0.0&vd_source=1fe60a39940cc4ef5bde43e079a2ae6}},
	title = "求根公式：小学生vs研究生。谁更胜一筹？？",
	author = "仙童数学"
}
@Misc{tikz,
	howpublished = {[EB/OL]},
	note = {\url{https://zhuanlan.zhihu.com/p/82435856}},
	title = "[LaTeX 绘图] tikz 绘制流程图，概述和两个示例",
	author = "慕子"
}
@Misc{gnuplot,
	howpublished = {[EB/OL]},
	note = {\url{http://gnuplot.sourceforge.net/demo_5.4/}},
	title = "Demos for gnuplot version 5.4 (pngcairo terminal)",
	author = ""
}
