@Misc{julia_zhihuRe,
	howpublished = {[EB/OL]},
	note = {\url{https://zhuanlan.zhihu.com/p/32788146}},
	title = "Python绘制Mandelbrot Set与Julia Set",
	author = "Re De"
}
@Misc{julia_Ju,
	howpublished = {[EB/OL]},
	note = {\url{https://complex-analysis.com/content/julia_set.html}},
	title = "The Julia Set",
	author = "Juan Carlos Ponce Campuzano"
}
@Misc{julia_wiki,
	howpublished = {[EB/OL]},
	note = {\url{https://en.wikipedia.org/wiki/Julia_set}},
	title = "Julia set",
	author = ""
}
@Misc{mandelbrotsetpython,
	howpublished = {[EB/OL]},
	note = {\url{https://www.chenshaowen.com/blog/drawing-2d-fractal-graph-using-python.html}},
	title = "Mandelbrot set",
	author = "陈少文"
}
@Misc{julia_wolfram,
	howpublished = {[EB/OL]},
	note = {From MathWorld--A Wolfram Web Resource.\url{https://mathworld.wolfram.com/JuliaSet.html}},
	title = "Julia Set",
	author = "Weisstein, Eric W"
}
