
@book{linux_book,
	title={Beginning linux programming},
	author={Matthew, Neil and Stones, Richard},
	year={2008},
	publisher={John Wiley \& Sons}
}
@Misc{linux_cainiao,
	howpublished = {[EB/OL]},
	note = {\url{https://www.runoob.com/linux/linux-tutorial.html}},
	title = "Linux 教程",
	author = ""
}
@Misc{linux_anz,
	howpublished = {[EB/OL]},
	note = {\url{https://blog.csdn.net/sunshine1\_0/article/details/80839430}},
	title = "Linux从0到1：安装Linux操作系统（超级详细版）",
	author = "sunshine1\_彤"
}
@Misc{linux_ubuntu,
	howpublished = {[EB/OL]},
	note = {\url{https://blog.csdn.net/XLevon/article/details/124681970?spm=1001.2014.3001.5502}},
	title = "[linux OS]Ubuntu22.04的日常开发环境配置",
	author = "XLevon"
}
@Misc{linux_set,
	howpublished = {[EB/OL]},
	note = {\url{https://blog.csdn.net/u010871058/article/details/54253774/}},
	title = "Vim的强大配置文件（一键配置）",
	author = "镖叔"
}