@Misc{mandelbrotsetwiki,
	howpublished = {[EB/OL]},
	note = {\url{http://www.math.univ-toulouse.fr/~cheritat/wiki-draw/index.php/Mandelbrot_set#The_idea}},
	title = "Mandelbrot set",
	author = ""
}
@Misc{mandelbrotsetpython,
	howpublished = {[EB/OL]},
	note = {\url{https://www.chenshaowen.com/blog/drawing-2d-fractal-graph-using-python.html}},
	title = "Mandelbrot set",
	author = "陈少文"
}
@Misc{mandelbrotsetbaidu,
	howpublished = {[EB/OL]},
	note = {\url{https://baike.baidu.com/item/%E6%9B%BC%E5%BE%B7%E5%8B%83%E7%BD%97%E9%9B%86/4888291}},
	title = "曼德勃罗集",
	author = "百度学术"
}
@Misc{mandelbrotsetzhihu,
	howpublished = {[EB/OL]},
	note = {\url{https://https://zhuanlan.zhihu.com/p/52303089}},
	title = "“上帝的指纹” - 走进无限美妙的曼德博集合",
	author = "遇见数学"
}
